@book{alesker2018introduction,
  title={Introduction to the Theory of Valuations},
  author={Alesker, Semyon},
  volume={126},
  year={2018},
  publisher={American Mathematical Soc.}
}

@incollection{fu2006integral,
  title={Integral geometry and Alesker's theory of valuations},
  author={Fu, Joseph HG},
  booktitle={Integral geometry and convexity},
  pages={17--27},
  year={2006},
  publisher={World Scientific}
}

@article{edmonds1970simplicial,
  title={Simplicial decompositions of convex polytopes},
  author={Edmonds, Allan L},
  journal={Pi Mu Epsilon Journal},
  volume={5},
  number={3},
  pages={124--128},
  year={1970},
  publisher={JSTOR}
}

@MISC {1893713,
    TITLE = {Elementary proof of polynomial degree of sum of pth powers},
    AUTHOR = {Brian M. Scott (https://math.stackexchange.com/users/12042/brian-m-scott)},
    HOWPUBLISHED = {Mathematics Stack Exchange},
    NOTE = {URL:https://math.stackexchange.com/q/1893713 (version: 2016-08-16)},
    EPRINT = {https://math.stackexchange.com/q/1893713},
    URL = {https://math.stackexchange.com/q/1893713}
}

@book{fulton2013representation,
  title={Representation theory: a first course},
  author={Fulton, William and Harris, Joe},
  volume={129},
  year={2013},
  publisher={Springer Science \& Business Media}
}

@book{schneider2014convex,
  title={Convex bodies: the Brunn--Minkowski theory},
  author={Schneider, Rolf},
  number={151},
  year={2014},
  publisher={Cambridge university press}
}
